<record xmlns:xsi="http://www.w3.org/2001/XMLSchema-instance" xmlns="http://www.loc.gov/MARC21/slim" xsi:schemaLocation="http://www.loc.gov/MARC21/slim http://www.loc.gov/standards/marcxml/schema/MARC21slim.xsd">

  <leader>00588nam a2200145Ia 4500</leader>
  <datafield ind1=" " ind2=" " tag="999">
    <subfield code="c">1366</subfield>
    <subfield code="d">1366</subfield>
  </datafield>
  <controlfield tag="008">170621b2006    cr ||||| |||| 00| | spa d</controlfield>
  <datafield ind2=" " tag="090" ind1=" ">
    <subfield code="a">05.05.03 </subfield>
    <subfield code="b">1626</subfield>
  </datafield>
  <datafield ind1="1" ind2="3" tag="245">
    <subfield code="a">La Banda Municipal de Turrialba : Un siglo de vientos y percusión</subfield>
  </datafield>
  <datafield ind1=" " tag="260" ind2=" ">
    <subfield code="a">Turrialba : </subfield>
    <subfield code="b">Universidad de Costa Rica. Vicerrectoría de Acción Social. Sede del Atlántico, Turrialba. Museo Regional Omar Salazar Obando, </subfield>
    <subfield code="c">2006</subfield>
  </datafield>
  <datafield ind1=" " tag="300" ind2=" ">
    <subfield code="a">22 páginas;</subfield>
    <subfield code="b">ilustraciones a color</subfield>
  </datafield>
  <datafield ind1="1" ind2="4" tag="650">
    <subfield code="a">MÚSICA</subfield>
    <subfield code="9">13</subfield>
  </datafield>
  <datafield ind1="1" tag="650" ind2="4">
    <subfield code="a">INSTRUMENTOS MUSICALES</subfield>
    <subfield code="9">2948</subfield>
  </datafield>
  <datafield ind2="4" tag="650" ind1=" ">
    <subfield code="a">TURRIALBA (CARTAGO, COSTA RICA)</subfield>
    <subfield code="9">2949</subfield>
  </datafield>
  <datafield ind2=" " tag="942" ind1=" ">
    <subfield code="2">z</subfield>
    <subfield code="c">01</subfield>
  </datafield>
</record>